@INPROCEEDINGS{8166715,  
    author={Souza, Mauricio Ronny de Almeida and Constantino, Kattiana Fernandes and Veado, Lucas Furtini and Figueiredo, Eduardo Magno Lages},  
    booktitle={2017 IEEE 30th Conference on Software Engineering Education and Training (CSEE&T)},   
    title={Gamification in Software Engineering Education: An Empirical Study},   
    year={2017},  
    volume={},  
    number={},  
    pages={276-284},  
    doi={10.1109/CSEET.2017.51}
}
@misc{gamify, 
    author={Gamify}, 
    title={Gamification is the addition of game elements to non-game activities}, 
    url={https://www.gamify.com/what-is-gamification}, 
}
@misc{smarting, 
    author={Smart}, 
    title={Gamification – what is it and why is it important?}, 
    url={https://www.gamify.com/what-is-gamification},
}
@misc{gamifsoft, 
    title={Gamification in software engineering – A systematic mapping}, 
    url={https://www.sciencedirect.com/science/article/pii/S0950584914001980?via%3Dihub#ak005}, 
    journal={Information and Software Technology}, 
    publisher={Elsevier}, 
    author={Pedreira, Oscar and García, Félix and Brisaboa, Nieves and Piattini, Mario}, 
    year={2014}, 
    month={Sep}
}
@INPROCEEDINGS{8757200,  
    author={Ivanova, G. and Kozov, V. and Zlatarov, P.},  
    booktitle={2019 42nd International Convention on Information and Communication Technology, Electronics and Microelectronics (MIPRO)},   
    title={Gamification in Software Engineering Education},   
    year={2019},  
    volume={},  
    number={},  
    pages={1445-1450}, 
    doi={10.23919/MIPRO.2019.8757200}
}











